<?xml version="1.0" encoding="UTF-8"?><record xmlns="http://www.loc.gov/MARC21/slim" xmlns:cinclude="http://apache.org/cocoon/include/1.0" xmlns:zs="http://www.loc.gov/zing/srw/">
  <leader>00593nz  a2200145n  4500</leader>
  <controlfield tag="001">no2009066791</controlfield>
  <controlfield tag="003">DLC</controlfield>
  <controlfield tag="005">20090502075527.0</controlfield>
  <controlfield tag="008">090430n| acannaabn          |n aaa     c</controlfield>
  <datafield tag="010" ind1=" " ind2=" ">
    <subfield code="a">no2009066791</subfield>
  </datafield>
  <datafield tag="035" ind1=" " ind2=" ">
    <subfield code="a">(OCoLC)oca08094503</subfield>
  </datafield>
  <datafield tag="040" ind1=" " ind2=" ">
    <subfield code="a">NcU</subfield>
    <subfield code="b">eng</subfield>
    <subfield code="c">NcU</subfield>
  </datafield>
  <datafield tag="100" ind1="1" ind2=" ">
    <subfield code="a">Mason, Susan,</subfield>
    <subfield code="d">1949-</subfield>
  </datafield>
  <datafield tag="670" ind1=" " ind2=" ">
    <subfield code="a">The little turkle, 2007:</subfield>
    <subfield code="b">t.p. (illustrations by Susan Mason) p. 28 (artist and photographer; native of Carteret County, N.C.; taught school in Arctic Alaska for 21 years)</subfield>
  </datafield>
  <datafield tag="670" ind1=" " ind2=" ">
    <subfield code="a">E-mail from Susan Mason, Apr. 27, 2009</subfield>
    <subfield code="b">(full name Susan Mason Mason; uses Susan M. Mason; b. Dec. 16, 1949)</subfield>
  </datafield>
</record>